@book{Mitchell2006A,
  title = {A Visual Guide to Stata Graphics},
  author = {Michael N. Mitchell},
  year = {2012},
  publisher = {Stata Press},
  edition = {3rd Edition},
  url = {https://www.stata-press.com/data/vgsg3.html}
}

@Misc{github,
  howpublished = {\url{https://github.com/haghish/github}},
  note = {Accessed May 22, 2019},
  title = {github: a module for building, searching, installing, managing, and mining Stata packages from GitHub},
  author = {E. F. Haghish}
}
